<record><leader>00000cas a22000007a 4500</leader><controlfield tag="001">20952350</controlfield><controlfield tag="008">900124d19101916couwr ne      0    0eng d</controlfield><datafield ind1=" " ind2=" " tag="010"><subfield code="a">sn 90051016 </subfield></datafield><datafield ind1=" " ind2=" " tag="040"><subfield code="a">CNQ</subfield><subfield code="b">eng</subfield><subfield code="c">CNQ</subfield><subfield code="d">OCLCQ</subfield></datafield><datafield ind1=" " ind2=" " tag="042"><subfield code="a">msc</subfield></datafield><datafield ind1="0" ind2="4" tag="245"><subfield code="a">The La Jara enterprise.</subfield></datafield><datafield ind1=" " ind2=" " tag="260"><subfield code="a">La Jara, Conejos County, Colo. :</subfield><subfield code="b">La Jara Enterprise Pub. Co.</subfield></datafield><datafield ind1=" " ind2=" " tag="300"><subfield code="a">v.</subfield></datafield><datafield ind1=" " ind2=" " tag="310"><subfield code="a">Weekly</subfield></datafield><datafield ind1="1" ind2=" " tag="362"><subfield code="a">Began in 1910?</subfield></datafield><datafield ind1="0" ind2=" " tag="362"><subfield code="a">-v. 5, no. 53 (May 28, 1915) ; 6th year, no. 1 (June 1 [4], 1915)-6th year, no. 30 (Dec. 29, 1916).</subfield></datafield><datafield ind1=" " ind2=" " tag="530"><subfield code="a">Available on microfilm from the Colorado Historical Society.</subfield></datafield><datafield ind1=" " ind2=" " tag="588"><subfield code="a">Description based on: Vol. 2, no. 1 (June 2, 1911).</subfield></datafield><datafield ind1=" " ind2=" " tag="752"><subfield code="a">United States</subfield><subfield code="b">Colorado</subfield><subfield code="c">Conejos</subfield><subfield code="d">La Jara.</subfield></datafield><datafield ind1="0" ind2="7" tag="785"><subfield code="t">Jara gazette (La Jara, Colo. : 1916)</subfield><subfield code="w">(DLC)sn 90051017</subfield></datafield><datafield ind1="0" ind2="7" tag="785"><subfield code="t">Enterprise combined with the gazette</subfield><subfield code="w">(DLC)sn 90051018</subfield></datafield><datafield ind1="1" ind2=" " tag="029"><subfield code="a">AU@</subfield><subfield code="b">000025849859</subfield></datafield></record>